@article{araujo:2002,
	doi = {10.1088/0264-9381/19/7/315},
  
	url = {https://doi.org/10.1088%2F0264-9381%2F19%2F7%2F315},
  
	year = 2002,
	month = {mar},
  
	publisher = {{IOP} Publishing},
  
	volume = {19},
  
	number = {7},
  
	pages = {1335--1342},
  
	author = {J C N de Araujo and O D Miranda and O D Aguiar},
  
	title = {Background of gravitational waves from pre-galactic black hole formation},
  
	journal = {Classical and Quantum Gravity}
}

@article{crocker:2015,
	doi = {10.1103/physrevd.92.063005},
  
	url = {https://doi.org/10.1103%2Fphysrevd.92.063005},
  
	year = 2015,
	month = {sep},
  
	publisher = {American Physical Society ({APS})},
  
	volume = {92},
  
	number = {6},
  
	author = {K. Crocker and V. Mandic and T. Regimbau and K. Belczynski and W. Gladysz and K. Olive and T. Prestegard and E. Vangioni},
  
	title = {Model of the stochastic gravitational-wave background due to core collapse to black holes},
  
	journal = {Physical Review D}
}

@software{deppe:2022,
    author = "Deppe, Nils and Throwe, William and Kidder, Lawrence E. and Vu,
Nils L. and H\'ebert, Francois and Moxon, Jordan and Armaza, Crist\'obal and
Bonilla, Gabriel S. and Kim, Yoonsoo and Kumar, Prayush and Lovelace, Geoffrey
and Macedo, Alexandra and Nelli, Kyle C. and O'Shea, Eamonn and Pfeiffer, Harald
P. and Scheel, Mark A. and Teukolsky, Saul A. and Wittek, Nikolas A. and
others",
    title = "\texttt{SpECTRE v2022.10.04}",
    version = "2022.10.04",
    publisher = "Zenodo",
    doi = "10.5281/zenodo.7144771",
    url = "https://spectre-code.org",
    howpublished =
"\href{https://doi.org/10.5281/zenodo.7144771}{10.5281/zenodo.7144771}",
    license = "MIT",
    year = "2022",
    month = "10"
}

@article{dimmelmeier:2001,
	doi = {10.1086/324406},
  
	url = {https://doi.org/10.1086%2F324406},
  
	year = 2001,
	month = {oct},
  
	publisher = {American Astronomical Society},
  
	volume = {560},
  
	number = {2},
  
	pages = {L163--L166},
  
	author = {Harald Dimmelmeier and Jos{\'{e}
} A. Font and Ewald Müller},
  
	title = {Gravitational Waves from Relativistic Rotational Core Collapse},
  
	journal = {The Astrophysical Journal}
}

@article{dubey:2009,
title = {Extensible component-based architecture for FLASH, a massively parallel, multiphysics simulation code},
journal = {Parallel Computing},
volume = {35},
number = {10},
pages = {512-522},
year = {2009},
issn = {0167-8191},
doi = {https://doi.org/10.1016/j.parco.2009.08.001},
url = {https://www.sciencedirect.com/science/article/pii/S0167819109000945},
author = {Anshu Dubey and Katie Antypas and Murali K. Ganapathy and Lynn B. Reid and Katherine Riley and Dan Sheeler and Andrew Siegel and Klaus Weide},
keywords = {Software architecture, Portability, Extensibility, Massively parallel, FLASH}
}

@article{fryxell:2000,
doi = {10.1086/317361},
url = {https://dx.doi.org/10.1086/317361},
year = {2000},
month = {nov},
publisher = {},
volume = {131},
number = {1},
pages = {273},
author = {B. Fryxell and K. Olson and P. Ricker and F. X. Timmes and M. Zingale and D. Q. Lamb and P. MacNeice and R. Rosner and J. W. Truran and H. Tufo},
title = {FLASH: An Adaptive Mesh Hydrodynamics Code for Modeling
Astrophysical Thermonuclear Flashes},
journal = {The Astrophysical Journal Supplement Series}
}

@ARTICLE{halevi:2018,
       author = {{Halevi}, Goni and {M{\"o}sta}, Philipp},
        title = "{r-Process nucleosynthesis from three-dimensional jet-driven core-collapse supernovae with magnetic misalignments}",
      journal = {\mnras},
     keywords = {MHD, neutrinos, nuclear reactions, nucleosynthesis, abundances, gamma-ray burst: general, supernovae: general, Astrophysics - High Energy Astrophysical Phenomena},
         year = 2018,
        month = jun,
       volume = {477},
       number = {2},
        pages = {2366-2375},
          doi = {10.1093/mnras/sty797},
archivePrefix = {arXiv},
       eprint = {1801.08943},
 primaryClass = {astro-ph.HE},
       adsurl = {https://ui.adsabs.harvard.edu/abs/2018MNRAS.477.2366H},
      adsnote = {Provided by the SAO/NASA Astrophysics Data System}
}

@ARTICLE{kuroda:2012,
       author = {{Kuroda}, Takami and {Kotake}, Kei and {Takiwaki}, Tomoya},
        title = "{Fully General Relativistic Simulations of Core-collapse Supernovae with an Approximate Neutrino Transport}",
      journal = {\apj},
     keywords = {hydrodynamics, neutrinos, supernovae: general, Astrophysics - High Energy Astrophysical Phenomena, General Relativity and Quantum Cosmology},
         year = 2012,
        month = aug,
       volume = {755},
       number = {1},
          eid = {11},
        pages = {11},
          doi = {10.1088/0004-637X/755/1/11},
archivePrefix = {arXiv},
       eprint = {1202.2487},
 primaryClass = {astro-ph.HE},
       adsurl = {https://ui.adsabs.harvard.edu/abs/2012ApJ...755...11K},
      adsnote = {Provided by the SAO/NASA Astrophysics Data System}
}

@article{kuroda:2016,
	doi = {10.3847/2041-8205/829/1/l14},
  
	url = {https://doi.org/10.3847%2F2041-8205%2F829%2F1%2Fl14},
  
	year = 2016,
	month = {sep},
  
	publisher = {American Astronomical Society},
  
	volume = {829},
  
	number = {1},
  
	pages = {L14},
  
	author = {Takami Kuroda and Kei Kotake and Tomoya Takiwaki},
  
	title = {A {NEW} {GRAVITATIONAL}-{WAVE} {SIGNATURE} {FROM} {STANDING} {ACCRETION} {SHOCK} {INSTABILITY} {IN} {SUPERNOVAE}
},
  
	journal = {The Astrophysical Journal}
}

@misc{legred:2023,
  doi = {10.48550/ARXIV.2301.13818},
  
  url = {https://arxiv.org/abs/2301.13818},
  
  author = {Legred, Isaac and Kim, Yoonsoo and Deppe, Nils and Chatziioannou, Katerina and Foucart, Francois and Hébert, François and Kidder, Lawrence E.},
  
  keywords = {High Energy Astrophysical Phenomena (astro-ph.HE), General Relativity and Quantum Cosmology (gr-qc), FOS: Physical sciences, FOS: Physical sciences},
  
  title = {Simulating neutron stars with a flexible enthalpy-based equation of state parametrization in SpECTRE},
  
  publisher = {arXiv},
  
  year = {2023},
  
  copyright = {Creative Commons Attribution 4.0 International}
}

@ARTICLE{marek:2006,
       author = {{Marek}, A. and {Dimmelmeier}, H. and {Janka}, H. -Th. and {M{\"u}ller}, E. and {Buras}, R.},
        title = "{Exploring the relativistic regime with Newtonian hydrodynamics: an improved effective gravitational potential for supernova simulations}",
      journal = {\aap},
     keywords = {gravitation, hydrodynamics, methods: numerical, relativity, stars: supernovae: general, Astrophysics, General Relativity and Quantum Cosmology},
         year = 2006,
        month = jan,
       volume = {445},
       number = {1},
        pages = {273-289},
          doi = {10.1051/0004-6361:20052840},
archivePrefix = {arXiv},
       eprint = {astro-ph/0502161},
 primaryClass = {astro-ph},
       adsurl = {https://ui.adsabs.harvard.edu/abs/2006A&A...445..273M},
      adsnote = {Provided by the SAO/NASA Astrophysics Data System}
}

@ARTICLE{moxon:2021,
       author = {{Moxon}, Jordan and {Scheel}, Mark A. and {Teukolsky}, Saul A. and {Deppe}, Nils and {Fischer}, Nils and {H{\'e}bert}, Francois and {Kidder}, Lawrence E. and {Throwe}, William},
        title = "{The SpECTRE Cauchy-characteristic evolution system for rapid, precise waveform extraction}",
      journal = {arXiv e-prints},
     keywords = {General Relativity and Quantum Cosmology},
         year = 2021,
        month = oct,
          eid = {arXiv:2110.08635},
        pages = {arXiv:2110.08635},
          doi = {10.48550/arXiv.2110.08635},
archivePrefix = {arXiv},
       eprint = {2110.08635},
 primaryClass = {gr-qc},
       adsurl = {https://ui.adsabs.harvard.edu/abs/2021arXiv211008635M},
      adsnote = {Provided by the SAO/NASA Astrophysics Data System}
}

@ARTICLE{oconnor:2018,
       author = {{O'Connor}, Evan and {Bollig}, Robert and {Burrows}, Adam and {Couch}, Sean and {Fischer}, Tobias and {Janka}, Hans-Thomas and {Kotake}, Kei and {Lentz}, Eric J. and {Liebend{\"o}rfer}, Matthias and {Messer}, O.~E. Bronson and {Mezzacappa}, Anthony and {Takiwaki}, Tomoya and {Vartanyan}, David},
        title = "{Global comparison of core-collapse supernova simulations in spherical symmetry}",
      journal = {Journal of Physics G Nuclear Physics},
     keywords = {Astrophysics - High Energy Astrophysical Phenomena, Astrophysics - Solar and Stellar Astrophysics},
         year = 2018,
        month = oct,
       volume = {45},
       number = {10},
        pages = {104001},
          doi = {10.1088/1361-6471/aadeae},
archivePrefix = {arXiv},
       eprint = {1806.04175},
 primaryClass = {astro-ph.HE},
       adsurl = {https://ui.adsabs.harvard.edu/abs/2018JPhG...45j4001O},
      adsnote = {Provided by the SAO/NASA Astrophysics Data System}
}

@ARTICLE{pajkos:2021,
       author = {{Pajkos}, Michael A. and {Warren}, MacKenzie L. and {Couch}, Sean M. and {O'Connor}, Evan P. and {Pan}, Kuo-Chuan},
        title = "{Determining the Structure of Rotating Massive Stellar Cores with Gravitational Waves}",
      journal = {\apj},
     keywords = {Core-collapse supernovae, Gravitational wave astronomy, Gravitational wave sources, Massive stars, 304, 675, 677, 732, Astrophysics - High Energy Astrophysical Phenomena},
         year = 2021,
        month = jun,
       volume = {914},
       number = {2},
          eid = {80},
        pages = {80},
          doi = {10.3847/1538-4357/abfb65},
archivePrefix = {arXiv},
       eprint = {2011.09000},
 primaryClass = {astro-ph.HE},
       adsurl = {https://ui.adsabs.harvard.edu/abs/2021ApJ...914...80P},
      adsnote = {Provided by the SAO/NASA Astrophysics Data System}
}

@phdthesis{pajkos:2022,
author={Pajkos,Michael A.},
year={2022},
title={Interpreting Gravitational Waves and Developing Relativistic Multiphysics Solvers for Core-Collapse Supernova Simulations},
journal={ProQuest Dissertations and Theses},
pages={213},
isbn={9798819336601},
language={English},
url={http://ezproxy.msu.edu/login?url=https://www.proquest.com/dissertations-theses/interpreting-gravitational-waves-developing/docview/2679692566/se-2},
}

@ARTICLE{shibata:2011,
       author = {{Shibata}, M. and {Kiuchi}, K. and {Sekiguchi}, Y. and {Suwa}, Y.},
        title = "{Truncated Moment Formalism for Radiation Hydrodynamics in Numerical Relativity}",
      journal = {Progress of Theoretical Physics},
     keywords = {Astrophysics - High Energy Astrophysical Phenomena, Astrophysics - Solar and Stellar Astrophysics, General Relativity and Quantum Cosmology},
         year = 2011,
        month = jun,
       volume = {125},
       number = {6},
        pages = {1255-1287},
          doi = {10.1143/PTP.125.1255},
archivePrefix = {arXiv},
       eprint = {1104.3937},
 primaryClass = {astro-ph.HE},
       adsurl = {https://ui.adsabs.harvard.edu/abs/2011PThPh.125.1255S},
      adsnote = {Provided by the SAO/NASA Astrophysics Data System}
}

@ARTICLE{sykes:2022,
       author = {{Sykes}, B. and {Mueller}, B. and {Cordero-Carri{\'o}n}, I. and {Cerd{\'a}-Dur{\'a}n}, P. and {Novak}, J.},
        title = "{A Black-Hole Excision Scheme for General Relativistic Core-Collapse Supernova Simulations}",
      journal = {arXiv e-prints},
     keywords = {Astrophysics - High Energy Astrophysical Phenomena, Astrophysics - Solar and Stellar Astrophysics, General Relativity and Quantum Cosmology},
         year = 2022,
        month = oct,
          eid = {arXiv:2210.12939},
        pages = {arXiv:2210.12939},
archivePrefix = {arXiv},
       eprint = {2210.12939},
 primaryClass = {astro-ph.HE},
       adsurl = {https://ui.adsabs.harvard.edu/abs/2022arXiv221012939S},
      adsnote = {Provided by the SAO/NASA Astrophysics Data System}
}

@ARTICLE{vartanyan:2022,
       author = {{Vartanyan}, David and {Coleman}, Matthew S.~B. and {Burrows}, Adam},
        title = "{The collapse and three-dimensional explosion of three-dimensional massive-star supernova progenitor models}",
      journal = {\mnras},
     keywords = {stars: general, (stars:) supernovae: general, Astrophysics - Solar and Stellar Astrophysics, Astrophysics - High Energy Astrophysical Phenomena},
         year = 2022,
        month = mar,
       volume = {510},
       number = {4},
        pages = {4689-4705},
          doi = {10.1093/mnras/stab3702},
archivePrefix = {arXiv},
       eprint = {2109.10920},
 primaryClass = {astro-ph.SR},
       adsurl = {https://ui.adsabs.harvard.edu/abs/2022MNRAS.510.4689V},
      adsnote = {Provided by the SAO/NASA Astrophysics Data System}
}

@ARTICLE{woosley:2020,
       author = {{Woosley}, S.~E. and {Sukhbold}, Tuguldur and {Janka}, H. -T.},
        title = "{The Birth Function for Black Holes and Neutron Stars in Close Binaries}",
      journal = {\apj},
     keywords = {Stellar mass black holes, Core-collapse supernovae, Neutron stars, Stellar mass loss, Close binary stars, Stellar evolutionary models, Massive stars, 1611, 304, 1108, 1613, 254, 2046, 732, Astrophysics - High Energy Astrophysical Phenomena, Astrophysics - Solar and Stellar Astrophysics},
         year = 2020,
        month = jun,
       volume = {896},
       number = {1},
          eid = {56},
        pages = {56},
          doi = {10.3847/1538-4357/ab8cc1},
archivePrefix = {arXiv},
       eprint = {2001.10492},
 primaryClass = {astro-ph.HE},
       adsurl = {https://ui.adsabs.harvard.edu/abs/2020ApJ...896...56W},
      adsnote = {Provided by the SAO/NASA Astrophysics Data System}
}

@article{zha:2020,
  title = {Gravitational-Wave Signature of a First-Order Quantum Chromodynamics Phase Transition in Core-Collapse Supernovae},
  author = {Zha, Shuai and O'Connor, Evan P. and Chu, Ming-chung and Lin, Lap-Ming and Couch, Sean M.},
  journal = {Phys. Rev. Lett.},
  volume = {125},
  issue = {5},
  pages = {051102},
  numpages = {5},
  year = {2020},
  month = {Jul},
  publisher = {American Physical Society},
  doi = {10.1103/PhysRevLett.125.051102},
  url = {https://link.aps.org/doi/10.1103/PhysRevLett.125.051102}
}